<?xml version="1.0" encoding="UTF-8"?><collection xmlns="http://www.loc.gov/MARC21/slim"><record><leader>00423nam--2200145-i-4500</leader><controlfield tag="001">000009717</controlfield><controlfield tag="002">20161230</controlfield><controlfield tag="005">20161230201028</controlfield><controlfield tag="008">060222s1000------------r-----000-0-eng-d</controlfield><datafield ind1=" " ind2=" " tag="080"><subfield code="a">621.38:531.75:531.781</subfield></datafield><datafield ind1=" " ind2=" " tag="100"><subfield code="a">Boboc, Stefan</subfield></datafield><datafield ind1=" " ind2=" " tag="245"><subfield code="a">Aparate electronice pentru masurarea masselor, fortelor si cuplurilor</subfield></datafield><datafield ind1=" " ind2=" " tag="260"><subfield code="a">Bucuresti, Ed. Tehnica, 1971. 110 P</subfield></datafield><datafield ind1=" " ind2=" " tag="490"><subfield code="a">Seria Electronica Industriala</subfield></datafield><datafield ind1=" " ind2=" " tag="852"><subfield code="a">35043</subfield></datafield></record></collection>